@book{friedman2001elements,
  title={The elements of statistical learning},
  author={Friedman, Jerome and Hastie, Trevor and Tibshirani, Robert},
  volume={1},
  year={2001},
  publisher={Springer series in statistics New York}
},

@article{freund1999short,
  title={A short introduction to boosting},
  author={Freund, Yoav and Schapire, Robert and Abe, Naoki},
  journal={Journal-Japanese Society For Artificial Intelligence},
  volume={14},
  number={771-780},
  pages={1612},
  year={1999},
  publisher={JAPANESE SOC ARTIFICIAL INTELL}
},

@article{freund1997decision,
  title={A decision-theoretic generalization of on-line learning and an application to boosting},
  author={Freund, Yoav and Schapire, Robert E},
  journal={Journal of computer and system sciences},
  volume={55},
  number={1},
  pages={119--139},
  year={1997},
  publisher={Elsevier}
},

@Manual{RMain,
  title = {R: A Language and Environment for Statistical Computing},
  author = {{R Core Team}},
  organization = {R Foundation for Statistical Computing},
  address = {Vienna, Austria},
  year = {2017},
  note = {R version 3.4.0},
  url = {https://www.R-project.org/},
},

@article{team1999writing,
  title={Writing R extensions},
  author={Team, R Core},
  journal={R Foundation for Statistical Computing},
  year={1999}
},
 
@Book{ggplot2,
  author = {Hadley Wickham},
  title = {ggplot2: Elegant Graphics for Data Analysis},
  publisher = {Springer-Verlag New York},
  year = {2009},
  isbn = {978-0-387-98140-6},
  url = {http://ggplot2.org},
  note = {R package version 2.2.1},
},


@Manual{mboost1,
  title = {{mboost}: Model-Based Boosting},
  author = {Torsten Hothorn and Peter Buehlmann and Thomas Kneib and Matthias Schmid and Benjamin Hofner},
  year = {2017},
  note = {{R} package version 2.9-0},
  url = {https://CRAN.R-project.org/package=mboost},
},

@Book{Rcpp,
  title = {Seamless {R} and {C++} Integration with {Rcpp}},
  author = {Dirk Eddelbuettel},
  publisher = {Springer},
  address = {New York},
  year = {2013},
  note = {ISBN 978-1-4614-6867-7},
  doi = {10.1007/978-1-4614-6868-4},
},

@article{RcppPackage,
  title={Writing a package that uses Rcpp},
  author={Eddelbuettel, Dirk and Fran{\c{c}}ois, Romain},
  year={2013}
},

@article{RcppAttributes,
  title={Rcpp Attributes},
  author={Allaire, JJ and Eddelbuettel, Dirk and Fran{\c{c}}ois, Romain},
  journal={Vignette included in R package Rcpp, URL http://CRAN.R-Project.org/package=Rcpp},
  year={2017}
},

@article{eddelbuettel2017exposing,
  title={Exposing {C++} functions and classes with Rcpp modules},
  author={Eddelbuettel, Dirk and Fran{\c{c}}ois, Romain},
  journal={Vignette included in R package Rcpp, URL http://CRAN.R-Project.org/package=Rcpp},
  year={2017},
  publisher={Citeseer}
},

@Article{rcppArmadillo,
  title = {RcppArmadillo: Accelerating R with high-performance {C++} linear algebra},
  author = {Dirk Eddelbuettel and Conrad Sanderson},
  journal = {Computational	Statistics and Data Analysis},
  year = {2014},
  volume = {71},
  month = {March},
  pages = {1054--1063},
  url = {http://dx.doi.org/10.1016/j.csda.2013.02.005},
},

@book{piegl2012nurbs,
  title={The NURBS book},
  author={Piegl, Les and Tiller, Wayne},
  year={2012},
  publisher={Springer Science \& Business Media}
},

@article{hofner2011framework,
  title={A framework for unbiased model selection based on boosting},
  author={Hofner, Benjamin and Hothorn, Torsten and Kneib, Thomas and Schmid, Matthias},
  journal={Journal of Computational and Graphical Statistics},
  volume={20},
  number={4},
  pages={956--971},
  year={2011},
  publisher={Taylor \& Francis}
},

@Article{Bischl2012,
  author  = {Bischl, B. and Mersmann, O. and Trautmann, H. and Weihs, C.},
  title   = {Resampling Methods for Meta-model Validation with Recommendations for Evolutionary Computation},
  journal = {Evol. Comput.},
  year    = {2012},
  volume  = {20},
  number  = {2},
  pages   = {249--275},
  optdoi  = {10.1162/EVCO_a_00069},
  optisbn = {1063-6560},
  optissn = {1063-6560},
  pmid    = {22339368},
},

@book{stroustrup2014programming,
  title={Programming: principles and practice using {C++}},
  author={Stroustrup, Bjarne},
  year={2014},
  publisher={Pearson Education}
},

@book{gamma1995design,
  title={Design patterns: Elements of reusable object-oriented software},
  author={Gamma, Erich},
  year={1995},
  publisher={Pearson Education India}
},

@article{schmid2008boosting,
  title={Boosting additive models using component-wise P-splines},
  author={Schmid, Matthias and Hothorn, Torsten},
  journal={Computational Statistics \& Data Analysis},
  volume={53},
  number={2},
  pages={298--311},
  year={2008},
  publisher={Elsevier}
},

@Manual{gbm,
  title = {gbm: Generalized Boosted Regression Models},
  author = {Greg Ridgeway with contributions from others},
  year = {2017},
  note = {R package version 2.1.3},
  url = {https://CRAN.R-project.org/package=gbm},
},

@Manual{xgboost,
  title = {xgboost: Extreme Gradient Boosting},
  author = {Tianqi Chen and Tong He and Michael Benesty and Vadim Khotilovich and Yuan Tang},
  year = {2018},
  note = {R package version 0.6.4.1},
  url = {https://CRAN.R-project.org/package=xgboost},
},

@inproceedings{chen2016xgboost,
  title={Xgboost: A scalable tree boosting system},
  author={Chen, Tianqi and Guestrin, Carlos},
  booktitle={Proceedings of the 22nd acm sigkdd international conference on knowledge discovery and data mining},
  pages={785--794},
  year={2016},
  organization={ACM}
},

@Article{batchtools1,
  title = {batchtools: Tools for {R} to work on batch systems},
  author = {Michel Lang and Bernd Bischl and Dirk Surmann},
  journal = {The Journal of Open Source Software},
  year = {2017},
  month = {feb},
  volume = {2},
  number = {10},
  doi = {10.21105/joss.00135},
  url = {https://doi.org/10.21105/joss.00135},
},

@Article{batchtools2,
  title = {{BatchJobs} and {BatchExperiments}: Abstraction Mechanisms for Using {R} in Batch Environments},
  author = {Bernd Bischl and Michel Lang and Olaf Mersmann and J{\"o}rg Rahnenf{\"u}hrer and Claus Weihs},
  journal = {Journal of Statistical Software},
  year = {2015},
  volume = {64},
  number = {11},
  pages = {1--25},
  url = {http://www.jstatsoft.org/v64/i11/},
},

@book{fahrmeir2013regression,
  title={Regression: models, methods and applications},
  author={Fahrmeir, Ludwig and Kneib, Thomas and Lang, Stefan and Marx, Brian},
  year={2013},
  publisher={Springer Science \& Business Media}
},

@article{van2008doxygen,
  title={Doxygen: Source code documentation generator tool},
  author={Van Heesch, Dimitri},
  journal={URL: http://www. doxygen. org},
  year={Web. 2nd Mai 2018}
},

@Manual{pryr,
  title = {pryr: Tools for Computing on the Language},
  author = {Hadley Wickham},
  year = {2018},
  note = {R package version 0.1.4},
  url = {https://CRAN.R-project.org/package=pryr},
},

@Article{mlr,
  title = {{mlr}: Machine Learning in {R}},
  author = {Bernd Bischl and Michel Lang and Lars Kotthoff and Julia Schiffner and Jakob Richter and Erich Studerus and Giuseppe Casalicchio and Zachary M. Jones},
  journal = {Journal of Machine Learning Research},
  year = {2016},
  volume = {17},
  number = {170},
  pages = {1-5},
  url = {http://jmlr.org/papers/v17/15-066.html},
},

@Manual{microbenchmark,
  title = {microbenchmark: Accurate Timing Functions},
  author = {Olaf Mersmann},
  year = {2015},
  note = {R package version 1.4-2.1},
  url = {https://CRAN.R-project.org/package=microbenchmark},
},

@Manual{RMatrix,
  title = {Matrix: Sparse and Dense Matrix Classes and Methods},
  author = {Douglas Bates and Martin Maechler},
  year = {2017},
  note = {R package version 1.2-9},
  url = {https://CRAN.R-project.org/package=Matrix},
},

@article{hofner2012gamboostlss,
  title={gamboostLSS: boosting methods for GAMLSS models},
  author={Hofner, B and Mayr, A and Fenske, N and Schmid, M},
  url={https://CRAN.R-project.org/package=gamboostLSS},
  pages={1--1},
  year={2012}
},

@article{mayr2012generalized,
  title={Generalized additive models for location, scale and shape for high dimensional data -- a flexible approach based on boosting},
  author={Mayr, Andreas and Fenske, Nora and Hofner, Benjamin and Kneib, Thomas and Schmid, Matthias},
  journal={Journal of the Royal Statistical Society: Series C -- Applied Statistics},
  volume={61},
  number={3},
  pages={403--427},
  year={2012},
  publisher={Wiley Online Library}
},

@article{brockhaus2017boosting,
  title={Boosting Functional Regression Models with FDboost},
  author={Brockhaus, Sarah and R{\"u}gamer, David and Greven, Sonja},
  journal={arXiv preprint arXiv:1705.10662},
  year={2017}
},

@article{sanderson2016armadillo,
  title={Armadillo: a template-based C++ library for linear algebra},
  author={Sanderson, Conrad and Curtin, Ryan},
  journal={Journal of Open Source Software},
  volume = {1},
  number = {2},
  pages = {26},
  year={2016},
  publisher={Journal of Open Source Software},
  doi={10.21105/joss.00026}
}
